<record><leader>00000cas a22000007a 4500</leader><controlfield tag="001">12726472</controlfield><controlfield tag="008">851028d18741882nyuwr ne      0    0eng d</controlfield><datafield ind1=" " ind2=" " tag="010"><subfield code="a">sn 85026889 </subfield></datafield><datafield ind1=" " ind2=" " tag="040"><subfield code="a">NPX</subfield><subfield code="b">eng</subfield><subfield code="c">NPX</subfield><subfield code="d">NYS</subfield><subfield code="d">OCLCQ</subfield><subfield code="d">NYG</subfield></datafield><datafield ind1=" " ind2=" " tag="042"><subfield code="a">msc</subfield></datafield><datafield ind1="0" ind2="0" tag="245"><subfield code="a">Oneonta herald and Democrat.</subfield></datafield><datafield ind1=" " ind2=" " tag="260"><subfield code="a">Oneonta, N.Y. :</subfield><subfield code="b">Capron &amp; Johnson</subfield></datafield><datafield ind1=" " ind2=" " tag="300"><subfield code="a">v.</subfield></datafield><datafield ind1=" " ind2=" " tag="310"><subfield code="a">Weekly</subfield></datafield><datafield ind1="1" ind2=" " tag="362"><subfield code="a">Began with Jan. 2, 1874 issue.</subfield><subfield code="z">Cf. Faibisoff, S.G. Bibl. of newspapers in 14 N.Y. counties.</subfield></datafield><datafield ind1="0" ind2=" " tag="362"><subfield code="a">-new ser., v. 11, no. 6 (Jan. 6, 1882).</subfield></datafield><datafield ind1=" " ind2=" " tag="500"><subfield code="a">Publishers: E.W. Capron &amp; E.M. Johnson, &lt;1874&gt;; Edward M. Johnson, &lt;1876-1878&gt;.</subfield></datafield><datafield ind1=" " ind2=" " tag="500"><subfield code="a">Editor: Edward M. Johnson, &lt;1876&gt;.</subfield></datafield><datafield ind1=" " ind2=" " tag="500"><subfield code="a">"Republican."</subfield></datafield><datafield ind1=" " ind2=" " tag="588"><subfield code="a">Description based on: Vol. 1, no. 8 (Jan. 2, 1874).</subfield></datafield><datafield ind1=" " ind2="4" tag="651"><subfield code="a">Oneonta (N.Y.)</subfield><subfield code="v">Newspapers.</subfield></datafield><datafield ind1=" " ind2=" " tag="752"><subfield code="a">United States</subfield><subfield code="b">New York</subfield><subfield code="c">Otsego</subfield><subfield code="d">Oneonta.</subfield></datafield><datafield ind1="0" ind2="4" tag="780"><subfield code="t">Oneonta herald (Oneonta, N.Y. : 1853)</subfield><subfield code="w">(DLC)sn 83031383</subfield><subfield code="w">(OCoLC)9870203</subfield></datafield><datafield ind1="0" ind2="4" tag="780"><subfield code="t">Otsego Democrat (Oneonta, N.Y.)</subfield><subfield code="w">(DLC)sn 83031382</subfield><subfield code="w">(OCoLC)9870215</subfield></datafield><datafield ind1="0" ind2="0" tag="785"><subfield code="t">Herald and Democrat (Oneonta, N.Y.)</subfield><subfield code="w">(DLC)sn 91066387</subfield><subfield code="w">(OCoLC)21919340</subfield></datafield><datafield ind1="1" ind2=" " tag="029"><subfield code="a">AU@</subfield><subfield code="b">000024692276</subfield></datafield></record>